@Inbook{Costello16,
author="Costello, Craig
and Longa, Patrick
and Naehrig, Michael",
title="Efficient Algorithms for Supersingular Isogeny Diffie-Hellman",
bookTitle="Advances in Cryptology -- CRYPTO 2016: 36th Annual International Cryptology Conference, Santa Barbara, CA, USA, August 14-18, 2016, Proceedings, Part I",
year="2016",
publisher="Springer Berlin Heidelberg",
address="Berlin, Heidelberg",
pages="572--601",
isbn="978-3-662-53018-4",
doi="10.1007/978-3-662-53018-4_21",
url="http://dx.doi.org/10.1007/978-3-662-53018-4_21"
}




 @article{FJP14, 
 title={Towards quantum-resistant cryptosystems from supersingular elliptic curve isogenies}, 
 volume={8}, 
 DOI={10.1515/jmc-2012-0015}, 
 number={3}, 
 journal={Journal of Mathematical Cryptology}, 
 author={Feo, Luca De and Jao, David and Plût, Jérôme}, 
 year={2014}, 
 month={Jan}
 } 


@misc{AKJKJ16,
    author = {Reza Azarderakhsh and Brian Koziel and Amir Jalali and Mehran Mozaffari Kermani and David Jao},
    title = {NEON-SIDH: Efficient Implementation of Supersingular Isogeny Diffie-Hellman Key-Exchange Protocol on ARM},
    howpublished = {Cryptology ePrint Archive, Report 2016/669},
    year = {2016},
    note = {\url{http://eprint.iacr.org/2016/669}},
}


@Inbook{Unruh15,
author="Unruh, Dominique",
title="Non-Interactive Zero-Knowledge Proofs in the Quantum Random Oracle Model",
bookTitle="Advances in Cryptology - EUROCRYPT 2015: 34th Annual International Conference on the Theory and Applications of Cryptographic Techniques, Sofia, Bulgaria, April 26-30, 2015, Proceedings, Part II",
year="2015",
publisher="Springer Berlin Heidelberg",
address="Berlin, Heidelberg",
pages="755--784",
isbn="978-3-662-46803-6",
doi="10.1007/978-3-662-46803-6_25",
url="http://dx.doi.org/10.1007/978-3-662-46803-6_25"
}


@inproceedings{FS87,
 author = {Fiat, Amos and Shamir, Adi},
 title = {How to Prove Yourself: Practical Solutions to Identification and Signature Problems},
 booktitle = {Proceedings on Advances in cryptology---CRYPTO '86},
 year = {1987},
 isbn = {0-387-18047-8},
 location = {Santa Barbara, California, USA},
 pages = {186--194},
 numpages = {9},
 url = {http://dl.acm.org/citation.cfm?id=36664.36676},
 acmid = {36676},
 publisher = {Springer-Verlag},
 address = {London, UK, UK},
} 


@ARTICLE{WZ82,
   author = {{Wootters}, W.~K. and {Zurek}, W.~H.},
    title = "A single quantum cannot be cloned",
  journal = {nat},
 keywords = {Atomic Excitations, Optical Polarization, Photons, Quantum Mechanics, Stimulated Emission, Atomic Energy Levels, Electron Transitions, Polarization Characteristics},
     year = 1982,
    month = oct,
   volume = 299,
    pages = {802},
      doi = {10.1038/299802a0},
   adsurl = {http://adsabs.harvard.edu/abs/1982Natur.299..802W},
  adsnote = {Provided by the SAO/NASA Astrophysics Data System}
}



@Inbook{Unruh12,
author="Unruh, Dominique",
title="Quantum Proofs of Knowledge",
bookTitle="Advances in Cryptology -- EUROCRYPT 2012: 31st Annual International Conference on the Theory and Applications of Cryptographic Techniques, Cambridge, UK, April 15-19, 2012. Proceedings",
year="2012",
publisher="Springer Berlin Heidelberg",
address="Berlin, Heidelberg",
pages="135--152",
isbn="978-3-642-29011-4",
doi="10.1007/978-3-642-29011-4_10",
url="http://dx.doi.org/10.1007/978-3-642-29011-4_10"
}


@article{Watrous09,
author = {John Watrous},
title = {Zero-Knowledge against Quantum Attacks},
journal = {SIAM Journal on Computing},
volume = {39},
number = {1},
pages = {25-58},
year = {2009},
doi = {10.1137/060670997},

URL = { 
        http://dx.doi.org/10.1137/060670997
    
},
eprint = { 
        http://dx.doi.org/10.1137/060670997
    
}
}


@misc{ARU14,
    author = {Andris Ambainis and Ansis Rosmanis and Dominique Unruh},
    title = {Quantum Attacks on Classical Proof Systems - The Hardness of Quantum Rewinding},
    howpublished = {Cryptology ePrint Archive, Report 2014/296},
    year = {2014},
    note = {\url{http://eprint.iacr.org/2014/296}},
}




@inproceedings{Grover96,
 author = {Grover, Lov K.},
 title = {A Fast Quantum Mechanical Algorithm for Database Search},
 booktitle = {Proceedings of the Twenty-eighth Annual ACM Symposium on Theory of Computing},
 series = {STOC '96},
 year = {1996},
 isbn = {0-89791-785-5},
 location = {Philadelphia, Pennsylvania, USA},
 pages = {212--219},
 numpages = {8},
 url = {http://doi.acm.org/10.1145/237814.237866},
 doi = {10.1145/237814.237866},
 acmid = {237866},
 publisher = {ACM},
 address = {New York, NY, USA},
} 















