@Inbook{Costello2016,
author="Costello, Craig
and Longa, Patrick
and Naehrig, Michael",
editor="Robshaw, Matthew
and Katz, Jonathan",
title="Efficient Algorithms for Supersingular Isogeny Diffie-Hellman",
bookTitle="Advances in Cryptology -- CRYPTO 2016: 36th Annual International Cryptology Conference, Santa Barbara, CA, USA, August 14-18, 2016, Proceedings, Part I",
year="2016",
publisher="Springer Berlin Heidelberg",
address="Berlin, Heidelberg",
pages="572--601",
isbn="978-3-662-53018-4",
doi="10.1007/978-3-662-53018-4_21",
url="http://dx.doi.org/10.1007/978-3-662-53018-4_21"
}

